@article{Los1,
  author 	= "Los, Sander A. and Wouter Kruijne and Meeter, Martijn",
  title 	= "Human Perception and Performance: Hazard versus History: Temporal Preparation is Driven by Past Experience",
  journal	= "Journal of Experimental Psychology",
  volume	= "",
  pages		= "",
  year		= "2015"
}

@article{Los2,
  author 	= "Los, Sander A. and Meeter, Martijn",
  title 	= "Outlines of a multiple trace theory of temporal preparation.",
  journal	= "Frontiers in Psychology",
  volume	= "5",
  pages		= "",
  year		= "2014"
}

@article{Xarticle,
    author    = "",
    title     = "",
    journal   = "",
    volume   = "",
    %number   = "",
    pages    = "",
    year      = "XXXX",
    %month    = "",
    %note     = "",
}


@book{Xbook,
    author    = "",
    title     = "",
    publisher = "",
    %volume   = "",
    %number   = "",
    %series   = "",
    address  = "",
    %edition  = "",
    year      = "XXXX",
    %month    = "",
    %note     = "",
}


